<record><leader>00000cas a2200000 a 4500</leader><controlfield tag="001">11542827</controlfield><controlfield tag="007">hd afu---bucu</controlfield><controlfield tag="008">850103d17911914ctuwr nea     0   a0eng c</controlfield><datafield ind1=" " ind2=" " tag="010"><subfield code="a">  2004252458</subfield></datafield><datafield ind1=" " ind2=" " tag="040"><subfield code="a">SMI</subfield><subfield code="b">eng</subfield><subfield code="c">SMI</subfield><subfield code="d">OCL</subfield><subfield code="d">WAU</subfield><subfield code="d">OCLCG</subfield><subfield code="d">OCLCQ</subfield><subfield code="d">OCLCF</subfield><subfield code="d">OCLCO</subfield></datafield><datafield ind1="1" ind2=" " tag="029"><subfield code="a">AU@</subfield><subfield code="b">000025489587</subfield></datafield><datafield ind1=" " ind2=" " tag="042"><subfield code="a">pcc</subfield></datafield><datafield ind1=" " ind2=" " tag="043"><subfield code="a">n-us-ct</subfield></datafield><datafield ind1=" " ind2="4" tag="050"><subfield code="a">AN2</subfield><subfield code="b">.C65</subfield></datafield><datafield ind1="0" ind2=" " tag="130"><subfield code="a">Connecticut courant (Hartford, Conn. : 1791)</subfield></datafield><datafield ind1="1" ind2="4" tag="245"><subfield code="a">The Connecticut courant</subfield><subfield code="h">[microform].</subfield></datafield><datafield ind1="1" ind2="3" tag="246"><subfield code="a">Weekly courant</subfield></datafield><datafield ind1=" " ind2=" " tag="260"><subfield code="a">Hartford [Conn.] :</subfield><subfield code="b">Printed by Hudson &amp; Goodwin,</subfield><subfield code="c">1791-1914.</subfield></datafield><datafield ind1=" " ind2=" " tag="300"><subfield code="a">v. ;</subfield><subfield code="c">45-51 cm.</subfield></datafield><datafield ind1=" " ind2=" " tag="310"><subfield code="a">Semiweekly,</subfield><subfield code="b">Dec. 13, 1894-1914</subfield></datafield><datafield ind1=" " ind2=" " tag="321"><subfield code="a">Weekly,</subfield><subfield code="b">1791-Dec. 6, 1894</subfield></datafield><datafield ind1="0" ind2=" " tag="362"><subfield code="a">Vol. 27, no. 1365 (Mar. 21, 1791)-v. 109, no. 542,085 (Jan. 3, 1874) ; v. 109, no. 2 (Jan. 10, 1874)-v. 149, no. 86 (Oct. 29, 1914).</subfield></datafield><datafield ind1=" " ind2=" " tag="500"><subfield code="a">Publisher: George Goodwin &amp; Sons, &lt;May 20, 1817-&gt;</subfield></datafield><datafield ind1=" " ind2=" " tag="500"><subfield code="a">Published a triweekly ed., 1840-&lt;1841&gt;.</subfield></datafield><datafield ind1=" " ind2=" " tag="515"><subfield code="a">Issue for Jan. 10, 1874 called also whole no. 542,086.</subfield></datafield><datafield ind1=" " ind2=" " tag="515"><subfield code="a">Includes numbering irregularities.</subfield></datafield><datafield ind1=" " ind2=" " tag="525"><subfield code="a">Supplements accompany some issues.</subfield></datafield><datafield ind1=" " ind2=" " tag="580"><subfield code="a">Daily eds.: Daily courant (Hartford, Conn.), 1837-1839, and: Hartford daily courant, 1840-1887, and: Hartford courant, 1887-1914, and: Hartford evening press, 1856-1868.</subfield></datafield><datafield ind1=" " ind2=" " tag="533"><subfield code="a">Microfilm.</subfield><subfield code="b">Waltham, Mass. :</subfield><subfield code="c">Graphic Microfilm Service, Inc.</subfield><subfield code="e">microfilm reels ; 35 mm.</subfield><subfield code="n">Filmed with other titles.</subfield><subfield code="n">Incomplete: only issues dated 1791-1820 available for filming.</subfield><subfield code="n">Filmed with: Connecticut courant, and the weekly intelligencer.</subfield></datafield><datafield ind1=" " ind2="0" tag="651"><subfield code="a">Hartford (Conn.)</subfield><subfield code="v">Newspapers.</subfield></datafield><datafield ind1=" " ind2="0" tag="651"><subfield code="a">Hartford County (Conn.)</subfield><subfield code="v">Newspapers.</subfield></datafield><datafield ind1=" " ind2="7" tag="655"><subfield code="a">Newspapers.</subfield><subfield code="2">fast</subfield><subfield code="0">(OCoLC)fst01423814</subfield></datafield><datafield ind1=" " ind2="7" tag="651"><subfield code="a">Connecticut</subfield><subfield code="z">Hartford.</subfield><subfield code="2">fast</subfield><subfield code="0">(OCoLC)fst01207441</subfield></datafield><datafield ind1=" " ind2="7" tag="651"><subfield code="a">Connecticut</subfield><subfield code="z">Hartford County.</subfield><subfield code="2">fast</subfield><subfield code="0">(OCoLC)fst01211874</subfield></datafield><datafield ind1="1" ind2=" " tag="700"><subfield code="a">Goodwin, George,</subfield><subfield code="d">1757-1844.</subfield></datafield><datafield ind1=" " ind2=" " tag="752"><subfield code="a">United States</subfield><subfield code="b">Connecticut</subfield><subfield code="c">Hartford</subfield><subfield code="d">Hartford.</subfield></datafield><datafield ind1="1" ind2=" " tag="775"><subfield code="t">Daily courant (Hartford, Conn.)</subfield></datafield><datafield ind1="1" ind2=" " tag="775"><subfield code="t">Hartford daily courant</subfield></datafield><datafield ind1="1" ind2=" " tag="775"><subfield code="t">Hartford courant (Hartford, Conn. : 1887)</subfield></datafield><datafield ind1="1" ind2=" " tag="775"><subfield code="t">Hartford evening press</subfield></datafield><datafield ind1="1" ind2=" " tag="776"><subfield code="c">Original</subfield><subfield code="w">(DLC)sn 84023856</subfield><subfield code="w">(OCoLC)11079198</subfield></datafield><datafield ind1="0" ind2="0" tag="780"><subfield code="t">Connecticut courant, and the weekly intelligencer</subfield><subfield code="w">(DLC)  2004252457</subfield><subfield code="w">(OCoLC)11542786</subfield></datafield><datafield ind1="0" ind2="5" tag="780"><subfield code="t">Hartford weekly journal</subfield><subfield code="g">Feb. 1845</subfield></datafield><datafield ind1="0" ind2="5" tag="780"><subfield code="t">Connecticut whig (Hartford, Conn.)</subfield><subfield code="g">1849</subfield></datafield><datafield ind1="0" ind2="5" tag="780"><subfield code="t">Connecticut press</subfield><subfield code="g">Dec. 1866</subfield></datafield></record>